<record><leader>00000cas a22000007a 4500</leader><controlfield tag="001">12333901</controlfield><controlfield tag="008">850801d187u1891moudr ne      0    0eng d</controlfield><datafield ind1=" " ind2=" " tag="010"><subfield code="a">sn 85033919 </subfield></datafield><datafield ind1=" " ind2=" " tag="040"><subfield code="a">NPU</subfield><subfield code="b">eng</subfield><subfield code="c">NPU</subfield><subfield code="d">MQN</subfield><subfield code="d">OCLCQ</subfield></datafield><datafield ind1=" " ind2=" " tag="042"><subfield code="a">msc</subfield></datafield><datafield ind1="0" ind2="0" tag="245"><subfield code="a">Hannibal daily courier.</subfield></datafield><datafield ind1="3" ind2="0" tag="246"><subfield code="a">Hannibal courier</subfield></datafield><datafield ind1="3" ind2="0" tag="246"><subfield code="a">Sunday courier</subfield></datafield><datafield ind1=" " ind2=" " tag="260"><subfield code="a">Hannibal, Mo. :</subfield><subfield code="b">Elliot C. Bennett</subfield></datafield><datafield ind1=" " ind2=" " tag="300"><subfield code="a">v. ;</subfield><subfield code="c">64 cm.</subfield></datafield><datafield ind1=" " ind2=" " tag="310"><subfield code="a">Daily</subfield></datafield><datafield ind1="1" ind2=" " tag="362"><subfield code="a">Ceased in 1891?</subfield></datafield><datafield ind1=" " ind2=" " tag="500"><subfield code="a">Published as: Hannibal courier, &lt;Jan. 1879&gt; and &lt;Sept. 30, 1883-Apr. 6, 1884&gt;.</subfield></datafield><datafield ind1=" " ind2=" " tag="500"><subfield code="a">Sunday ed. called: Sunday courier, &lt;Aug. 17, 1884-Nov. 22, 1885&gt;.</subfield></datafield><datafield ind1=" " ind2=" " tag="515"><subfield code="a">Issue for Jan. 15, 1878 lacks numbering, but constitues vol. 16, no. 4373.</subfield></datafield><datafield ind1=" " ind2=" " tag="588"><subfield code="a">Description based on: Jan. 15, 1878.</subfield></datafield><datafield ind1=" " ind2=" " tag="752"><subfield code="a">United States</subfield><subfield code="b">Missouri</subfield><subfield code="c">Marion</subfield><subfield code="d">Hannibal.</subfield></datafield><datafield ind1="0" ind2=" " tag="775"><subfield code="t">Weekly Hannibal courier</subfield><subfield code="w">(DLC)sn 85033921</subfield></datafield><datafield ind1="0" ind2="0" tag="780"><subfield code="t">Daily Hannibal courier</subfield><subfield code="w">(DLC)sn 85033918</subfield></datafield><datafield ind1="0" ind2="7" tag="785"><subfield code="t">Evening post (Hannibal, Mo.)</subfield><subfield code="w">(DLC)sn 89067514</subfield></datafield><datafield ind1="0" ind2="7" tag="785"><subfield code="t">Daily courier-post (Hannibal, Mo.)</subfield><subfield code="w">(DLC)sn 89067513</subfield></datafield></record>